@techreport{lange2020beyond,
  title={Beyond Cobb-Douglas: flexibly estimating matching functions with unobserved matching efficiency},
  author={Lange, Fabian and Papageorgiou, Theodore},
  year={2020},
  institution={National Bureau of Economic Research}
}

@article{borowczyk2013accounting,
  title={Accounting for endogeneity in matching function estimation},
  author={Borowczyk-Martins, Daniel and Jolivet, Gr{\'e}gory and Postel-Vinay, Fabien},
  journal={Review of Economic Dynamics},
  volume={16},
  number={3},
  pages={440--451},
  year={2013},
  publisher={Elsevier}
}

@article{matzkin2003nonparametric,
  title={Nonparametric estimation of nonadditive random functions},
  author={Matzkin, Rosa L},
  journal={Econometrica},
  volume={71},
  number={5},
  pages={1339--1375},
  year={2003},
  publisher={Wiley Online Library}
}